\usepackage[style=alphabetic,maxnames=4,minnames=3,maxbibnames=99]{biblatex}

